@inproceedings{france2007model,
	title={Model-driven development of complex software: A research roadmap},
	author={France, Robert and Rumpe, Bernhard},
	booktitle={2007 Future of Software Engineering},
	pages={37--54},
	year={2007},
	organization={IEEE Computer Society}
}

@article{stepasyuk2015evaluating,
	title={Evaluating the Haxe Programming Language-Performance comparison between Haxe and platform-specific languages},
	author={Stepasyuk, Stepan and Paunov, Yavor},
	year={2015}
}

@article{pazirandeh2015evaluation,
	title={Evaluation of cross-platform tools for mobile development},
	author={Pazirandeh, Alireza and Vorobyeva, Evelina},
	year={2015}
}

@inproceedings{richard2013efficient,
	title={Efficient high-level abstractions for web programming},
	author={Richard-Foy, Julien and Barais, Olivier and J{\'e}z{\'e}quel, Jean-Marc},
	booktitle={ACM SIGPLAN Notices},
	volume={49},
	number={3},
	pages={53--60},
	year={2013},
	organization={ACM}
}

@article{vstrekelj2015performance,
	title={Performance Overhead of Haxe Programming Language for Cross-Platform Game Development},
	author={{\v{S}}trekelj, Domagoj and Leventi{\'c}, Hrvoje and Gali{\'c}, Irena},
	journal={International Journal of Electrical and Computer Engineering Systems},
	volume={6},
	number={1},
	pages={9--13},
	year={2015},
	publisher={Elektrotehni{\v{c}}ki fakultet Sveu{\v{c}}ili{\v{s}}ta JJ Strossmayera u Osijeku}
}

@inproceedings{guana2015developers,
	title={How Do Developers Solve Software-engineering Tasks on Model-based Code Generators? An Empirical Study Design},
	author={Guana, Victor and Stroulia, Eleni},
	booktitle={First International Workshop on Human Factors in Modeling (HuFaMo 2015). CEUR-WS},
	pages={33--38},
	year={2015}
}

@inproceedings{pan2006fast,
	title={Fast and effective orchestration of compiler optimizations for automatic performance tuning},
	author={Pan, Zhelong and Eigenmann, Rudolf},
	booktitle={International Symposium on Code Generation and Optimization (CGO'06)},
	pages={12--pp},
	year={2006},
	organization={IEEE}
}

@inproceedings{guana2014chaintracker,
	title={ChainTracker, a Model-Transformation Trace Analysis Tool for Code-Generation Environments.},
	author={Guana, Victor and Stroulia, Eleni},
	booktitle={ICMT},
	pages={146--153},
	year={2014},
	organization={Springer}
}

@article{delgado2004taxonomy,
	title={A taxonomy and catalog of runtime software-fault monitoring tools},
	author={Delgado, Nelly and Gates, Ann Q and Roach, Steve},
	journal={IEEE Transactions on software Engineering},
	volume={30},
	number={12},
	pages={859--872},
	year={2004},
	publisher={IEEE}
}

@inproceedings{jorges2014back,
	title={Back-To-Back Testing of Model-Based Code Generators},
	author={J{\"o}rges, Sven and Steffen, Bernhard},
	booktitle={International Symposium On Leveraging Applications of Formal Methods, Verification and Validation},
	pages={425--444},
	year={2014},
	organization={Springer}
}

@article{stuermer2007systematic,
	title={Systematic testing of model-based code generators},
	author={Stuermer, Ingo and Conrad, Mirko and Doerr, Heiko and Pepper, Peter},
	journal={IEEE Transactions on Software Engineering},
	volume={33},
	number={9},
	pages={622},
	year={2007},
	publisher={IEEE Computer Society}
}

@inproceedings{sturmer2005overview,
	title={Overview of existing safeguarding techniques for automatically generated code},
	author={St{\"u}rmer, Ingo and Weinberg, Daniela and Conrad, Mirko},
	booktitle={ACM SIGSOFT Software Engineering Notes},
	volume={30},
	number={4},
	pages={1--6},
	year={2005},
	organization={ACM}
}

@inproceedings{demertzi2011analyzing,
	title={Analyzing the effects of compiler optimizations on application reliability},
	author={Demertzi, Melina and Annavaram, Murali and Hall, Mary},
	booktitle={Workload Characterization (IISWC), 2011 IEEE International Symposium on},
	pages={184--193},
	year={2011},
	organization={IEEE}
}


@inproceedings{jouault2005transforming,
	title={Transforming models with ATL},
	author={Jouault, Fr{\'e}d{\'e}ric and Kurtev, Ivan},
	booktitle={International Conference on Model Driven Engineering Languages and Systems},
	pages={128--138},
	year={2005},
	organization={Springer}
}

@article{musset2006acceleo,
	title={Acceleo user guide},
	author={Musset, Jonathan and Juliot, {\'E}tienne and Lacrampe, St{\'e}phane and Piers, William and Brun, C{\'e}dric and Goubet, Laurent and Lussaud, Yvan and Allilaire, Freddy},
	journal={See also http://acceleo. org/doc/obeo/en/acceleo-2.6-user-guide. pdf},
	volume={2},
	year={2006}
}

@inproceedings{bragancca2008transformation,
	title={Transformation patterns for multi-staged model driven software development},
	author={Bragan{\c{c}}a, Alexandre and Machado, Ricardo J},
	booktitle={Software Product Line Conference, 2008. SPLC'08. 12th International},
	pages={329--338},
	year={2008},
	organization={IEEE}
}

@inproceedings{czarnecki2003classification,
	title={Classification of model transformation approaches},
	author={Czarnecki, Krzysztof and Helsen, Simon},
	booktitle={Proceedings of the 2nd OOPSLA Workshop on Generative Techniques in the Context of the Model Driven Architecture},
	volume={45},
	number={3},
	pages={1--17},
	year={2003},
	organization={USA}
}

@inproceedings{nethercote2007valgrind,
	title={Valgrind: a framework for heavyweight dynamic binary instrumentation},
	author={Nethercote, Nicholas and Seward, Julian},
	booktitle={ACM Sigplan notices},
	volume={42},
	number={6},
	pages={89--100},
	year={2007},
	organization={ACM}
}

@inproceedings{spoiala2016performance,
	title={Performance comparison of a WebRTC server on Docker versus Virtual Machine},
	author={Spoiala, Cristian Constantin and Calinciuc, Alin and Turcu, Corneliu Octavian and Filote, Constantin},
	booktitle={2016 International Conference on Development and Application Systems (DAS)},
	pages={295--298},
	year={2016},
	organization={IEEE}
}

@article{brambilla2012model,
	title={Model-driven software engineering in practice},
	author={Brambilla, Marco and Cabot, Jordi and Wimmer, Manuel},
	journal={Synthesis Lectures on Software Engineering},
	volume={1},
	number={1},
	pages={1--182},
	year={2012},
	publisher={Morgan \& Claypool Publishers}
}

@article{hundt2011loop,
	title={Loop recognition in c++/java/go/scala},
	author={Hundt, Robert},
	year={2011}
}


